<record><leader>00000cas a22000007a 4500</leader><controlfield tag="001">15794819</controlfield><controlfield tag="008">870601d18891892njuwr ne      0    0eng d</controlfield><datafield ind1=" " ind2=" " tag="010"><subfield code="a">sn 87068045 </subfield></datafield><datafield ind1=" " ind2=" " tag="040"><subfield code="a">NJW</subfield><subfield code="b">eng</subfield><subfield code="c">NJW</subfield><subfield code="d">OCLCQ</subfield></datafield><datafield ind1=" " ind2=" " tag="042"><subfield code="a">msc</subfield></datafield><datafield ind1="0" ind2="0" tag="245"><subfield code="a">Camden Sunday review.</subfield></datafield><datafield ind1="3" ind2="0" tag="246"><subfield code="a">Sunday Camden review</subfield></datafield><datafield ind1="3" ind2="0" tag="246"><subfield code="a">Sunday review</subfield></datafield><datafield ind1=" " ind2=" " tag="260"><subfield code="a">Camden [N.J.] :</subfield><subfield code="b">F.F. Patterson's Sons</subfield></datafield><datafield ind1=" " ind2=" " tag="310"><subfield code="a">Weekly</subfield></datafield><datafield ind1="1" ind2=" " tag="362"><subfield code="a">Began with Apr. 15, 1889; ceased in Aug. 1892.</subfield></datafield><datafield ind1=" " ind2=" " tag="500"><subfield code="a">The word "Sunday" appears above masthead ornament.</subfield></datafield><datafield ind1=" " ind2=" " tag="588"><subfield code="a">Description based on: Vol. 3, no. 5 (May 17, 1891).</subfield></datafield><datafield ind1=" " ind2=" " tag="752"><subfield code="a">United States</subfield><subfield code="b">New Jersey</subfield><subfield code="c">Camden</subfield><subfield code="d">Camden.</subfield></datafield><datafield ind1="0" ind2="0" tag="785"><subfield code="t">Daily review (Camden, N.J.)</subfield></datafield></record>